@article{tutorial,
  title={A tutorial on spectral clustering},
  author={Von Luxburg, Ulrike},
  journal={Statistics and computing},
  volume={17},
  number={4},
  pages={395--416},
  year={2007},
  publisher={Springer}
}
@misc{star-wars,
  author  = {Evelina Gabasova},
  title   = {{Star Wars social network}},
  year    = 2016,
  url     = {https://doi.org/10.5281/zenodo.1411479},
  doi     = {10.5281/zenodo.1411479}
 }
